%YAML 1.1
%TAG !u! tag:unity3d.com,2011:
--- !u!29 &1
OcclusionCullingSettings:
  m_ObjectHideFlags: 0
  serializedVersion: 2
  m_OcclusionBakeSettings:
    smallestOccluder: 5
    smallestHole: 0.25
    backfaceThreshold: 100
  m_SceneGUID: 00000000000000000000000000000000
  m_OcclusionCullingData: {fileID: 0}
--- !u!104 &2
RenderSettings:
  m_ObjectHideFlags: 0
  serializedVersion: 9
  m_Fog: 0
  m_FogColor: {r: 0.5, g: 0.5, b: 0.5, a: 1}
  m_FogMode: 3
  m_FogDensity: 0.01
  m_LinearFogStart: 0
  m_LinearFogEnd: 300
  m_AmbientSkyColor: {r: 0.212, g: 0.227, b: 0.259, a: 1}
  m_AmbientEquatorColor: {r: 0.114, g: 0.125, b: 0.133, a: 1}
  m_AmbientGroundColor: {r: 0.047, g: 0.043, b: 0.035, a: 1}
  m_AmbientIntensity: 1
  m_AmbientMode: 0
  m_SubtractiveShadowColor: {r: 0.42, g: 0.478, b: 0.627, a: 1}
  m_SkyboxMaterial: {fileID: 10304, guid: 0000000000000000f000000000000000, type: 0}
  m_HaloStrength: 0.5
  m_FlareStrength: 1
  m_FlareFadeSpeed: 3
  m_HaloTexture: {fileID: 0}
  m_SpotCookie: {fileID: 10001, guid: 0000000000000000e000000000000000, type: 0}
  m_DefaultReflectionMode: 0
  m_DefaultReflectionResolution: 128
  m_ReflectionBounces: 1
  m_ReflectionIntensity: 1
  m_CustomReflection: {fileID: 0}
  m_Sun: {fileID: 0}
  m_IndirectSpecularColor: {r: 0.44657868, g: 0.49641263, b: 0.57481706, a: 1}
  m_UseRadianceAmbientProbe: 0
--- !u!157 &3
LightmapSettings:
  m_ObjectHideFlags: 0
  serializedVersion: 11
  m_GIWorkflowMode: 0
  m_GISettings:
    serializedVersion: 2
    m_BounceScale: 1
    m_IndirectOutputScale: 1
    m_AlbedoBoost: 1
    m_TemporalCoherenceThreshold: 1
    m_EnvironmentLightingMode: 0
    m_EnableBakedLightmaps: 1
    m_EnableRealtimeLightmaps: 1
  m_LightmapEditorSettings:
    serializedVersion: 10
    m_Resolution: 2
    m_BakeResolution: 40
    m_AtlasSize: 1024
    m_AO: 0
    m_AOMaxDistance: 1
    m_CompAOExponent: 1
    m_CompAOExponentDirect: 0
    m_Padding: 2
    m_LightmapParameters: {fileID: 0}
    m_LightmapsBakeMode: 1
    m_TextureCompression: 1
    m_FinalGather: 0
    m_FinalGatherFiltering: 1
    m_FinalGatherRayCount: 256
    m_ReflectionCompression: 2
    m_MixedBakeMode: 2
    m_BakeBackend: 1
    m_PVRSampling: 1
    m_PVRDirectSampleCount: 32
    m_PVRSampleCount: 500
    m_PVRBounces: 2
    m_PVRFilterTypeDirect: 0
    m_PVRFilterTypeIndirect: 0
    m_PVRFilterTypeAO: 0
    m_PVRFilteringMode: 1
    m_PVRCulling: 1
    m_PVRFilteringGaussRadiusDirect: 1
    m_PVRFilteringGaussRadiusIndirect: 5
    m_PVRFilteringGaussRadiusAO: 2
    m_PVRFilteringAtrousPositionSigmaDirect: 0.5
    m_PVRFilteringAtrousPositionSigmaIndirect: 2
    m_PVRFilteringAtrousPositionSigmaAO: 1
    m_ShowResolutionOverlay: 1
  m_LightingDataAsset: {fileID: 0}
  m_UseShadowmask: 1
--- !u!196 &4
NavMeshSettings:
  serializedVersion: 2
  m_ObjectHideFlags: 0
  m_BuildSettings:
    serializedVersion: 2
    agentTypeID: 0
    agentRadius: 0.5
    agentHeight: 2
    agentSlope: 45
    agentClimb: 0.4
    ledgeDropHeight: 0
    maxJumpAcrossDistance: 0
    minRegionArea: 2
    manualCellSize: 0
    cellSize: 0.16666667
    manualTileSize: 0
    tileSize: 256
    accuratePlacement: 0
    debug:
      m_Flags: 0
  m_NavMeshData: {fileID: 0}
--- !u!1001 &149760479
Prefab:
  m_ObjectHideFlags: 0
  serializedVersion: 2
  m_Modification:
    m_TransformParent: {fileID: 0}
    m_Modifications:
    - target: {fileID: 4359566848241086, guid: 2c1e6c28eaefbb741a70d544d4f6cc0e, type: 2}
      propertyPath: m_LocalPosition.x
      value: 3
      objectReference: {fileID: 0}
    - target: {fileID: 4359566848241086, guid: 2c1e6c28eaefbb741a70d544d4f6cc0e, type: 2}
      propertyPath: m_LocalPosition.y
      value: 1
      objectReference: {fileID: 0}
    - target: {fileID: 4359566848241086, guid: 2c1e6c28eaefbb741a70d544d4f6cc0e, type: 2}
      propertyPath: m_LocalPosition.z
      value: 0
      objectReference: {fileID: 0}
    - target: {fileID: 4359566848241086, guid: 2c1e6c28eaefbb741a70d544d4f6cc0e, type: 2}
      propertyPath: m_LocalRotation.x
      value: 0
      objectReference: {fileID: 0}
    - target: {fileID: 4359566848241086, guid: 2c1e6c28eaefbb741a70d544d4f6cc0e, type: 2}
      propertyPath: m_LocalRotation.y
      value: 0
      objectReference: {fileID: 0}
    - target: {fileID: 4359566848241086, guid: 2c1e6c28eaefbb741a70d544d4f6cc0e, type: 2}
      propertyPath: m_LocalRotation.z
      value: 0
      objectReference: {fileID: 0}
    - target: {fileID: 4359566848241086, guid: 2c1e6c28eaefbb741a70d544d4f6cc0e, type: 2}
      propertyPath: m_LocalRotation.w
      value: 1
      objectReference: {fileID: 0}
    - target: {fileID: 4359566848241086, guid: 2c1e6c28eaefbb741a70d544d4f6cc0e, type: 2}
      propertyPath: m_RootOrder
      value: 18
      objectReference: {fileID: 0}
    - target: {fileID: 4410633392210758, guid: 2c1e6c28eaefbb741a70d544d4f6cc0e, type: 2}
      propertyPath: m_RootOrder
      value: 1
      objectReference: {fileID: 0}
    m_RemovedComponents: []
  m_SourcePrefab: {fileID: 100100000, guid: 2c1e6c28eaefbb741a70d544d4f6cc0e, type: 2}
  m_IsPrefabAsset: 0
--- !u!1001 &167042138
Prefab:
  m_ObjectHideFlags: 0
  serializedVersion: 2
  m_Modification:
    m_TransformParent: {fileID: 0}
    m_Modifications:
    - target: {fileID: 4725195500235516, guid: b09fd4d5ae0d75541918b3e1df78475e, type: 2}
      propertyPath: m_LocalPosition.x
      value: 2
      objectReference: {fileID: 0}
    - target: {fileID: 4725195500235516, guid: b09fd4d5ae0d75541918b3e1df78475e, type: 2}
      propertyPath: m_LocalPosition.y
      value: 0
      objectReference: {fileID: 0}
    - target: {fileID: 4725195500235516, guid: b09fd4d5ae0d75541918b3e1df78475e, type: 2}
      propertyPath: m_LocalPosition.z
      value: 0
      objectReference: {fileID: 0}
    - target: {fileID: 4725195500235516, guid: b09fd4d5ae0d75541918b3e1df78475e, type: 2}
      propertyPath: m_LocalRotation.x
      value: 0
      objectReference: {fileID: 0}
    - target: {fileID: 4725195500235516, guid: b09fd4d5ae0d75541918b3e1df78475e, type: 2}
      propertyPath: m_LocalRotation.y
      value: 0
      objectReference: {fileID: 0}
    - target: {fileID: 4725195500235516, guid: b09fd4d5ae0d75541918b3e1df78475e, type: 2}
      propertyPath: m_LocalRotation.z
      value: 0
      objectReference: {fileID: 0}
    - target: {fileID: 4725195500235516, guid: b09fd4d5ae0d75541918b3e1df78475e, type: 2}
      propertyPath: m_LocalRotation.w
      value: 1
      objectReference: {fileID: 0}
    - target: {fileID: 4725195500235516, guid: b09fd4d5ae0d75541918b3e1df78475e, type: 2}
      propertyPath: m_RootOrder
      value: 9
      objectReference: {fileID: 0}
    m_RemovedComponents: []
  m_SourcePrefab: {fileID: 100100000, guid: b09fd4d5ae0d75541918b3e1df78475e, type: 2}
  m_IsPrefabAsset: 0
--- !u!1 &361074746
GameObject:
  m_ObjectHideFlags: 0
  m_CorrespondingSourceObject: {fileID: 0}
  m_PrefabInternal: {fileID: 0}
  serializedVersion: 6
  m_Component:
  - component: {fileID: 361074749}
  - component: {fileID: 361074748}
  - component: {fileID: 361074747}
  m_Layer: 0
  m_Name: Main Camera
  m_TagString: MainCamera
  m_Icon: {fileID: 0}
  m_NavMeshLayer: 0
  m_StaticEditorFlags: 0
  m_IsActive: 1
--- !u!81 &361074747
AudioListener:
  m_ObjectHideFlags: 0
  m_CorrespondingSourceObject: {fileID: 0}
  m_PrefabInternal: {fileID: 0}
  m_GameObject: {fileID: 361074746}
  m_Enabled: 1
--- !u!20 &361074748
Camera:
  m_ObjectHideFlags: 0
  m_CorrespondingSourceObject: {fileID: 0}
  m_PrefabInternal: {fileID: 0}
  m_GameObject: {fileID: 361074746}
  m_Enabled: 1
  serializedVersion: 2
  m_ClearFlags: 2
  m_BackGroundColor: {r: 0.19780171, g: 0.24928553, b: 0.3301887, a: 0}
  m_projectionMatrixMode: 1
  m_SensorSize: {x: 36, y: 24}
  m_LensShift: {x: 0, y: 0}
  m_FocalLength: 50
  m_NormalizedViewPortRect:
    serializedVersion: 2
    x: 0
    y: 0
    width: 1
    height: 1
  near clip plane: 0.3
  far clip plane: 1000
  field of view: 60
  orthographic: 0
  orthographic size: 5
  m_Depth: -1
  m_CullingMask:
    serializedVersion: 2
    m_Bits: 4294967295
  m_RenderingPath: -1
  m_TargetTexture: {fileID: 0}
  m_TargetDisplay: 0
  m_TargetEye: 3
  m_HDR: 1
  m_AllowMSAA: 1
  m_AllowDynamicResolution: 0
  m_ForceIntoRT: 0
  m_OcclusionCulling: 1
  m_StereoConvergence: 10
  m_StereoSeparation: 0.022
--- !u!4 &361074749
Transform:
  m_ObjectHideFlags: 0
  m_CorrespondingSourceObject: {fileID: 0}
  m_PrefabInternal: {fileID: 0}
  m_GameObject: {fileID: 361074746}
  m_LocalRotation: {x: 0, y: 0, z: 0, w: 1}
  m_LocalPosition: {x: 0, y: 1, z: -10}
  m_LocalScale: {x: 1, y: 1, z: 1}
  m_Children: []
  m_Father: {fileID: 0}
  m_RootOrder: 0
  m_LocalEulerAnglesHint: {x: 0, y: 0, z: 0}
--- !u!1 &481650245
GameObject:
  m_ObjectHideFlags: 0
  m_CorrespondingSourceObject: {fileID: 0}
  m_PrefabInternal: {fileID: 0}
  serializedVersion: 6
  m_Component:
  - component: {fileID: 481650247}
  - component: {fileID: 481650246}
  m_Layer: 0
  m_Name: Directional Light
  m_TagString: Untagged
  m_Icon: {fileID: 0}
  m_NavMeshLayer: 0
  m_StaticEditorFlags: 0
  m_IsActive: 1
--- !u!108 &481650246
Light:
  m_ObjectHideFlags: 0
  m_CorrespondingSourceObject: {fileID: 0}
  m_PrefabInternal: {fileID: 0}
  m_GameObject: {fileID: 481650245}
  m_Enabled: 1
  serializedVersion: 8
  m_Type: 1
  m_Color: {r: 1, g: 0.95686275, b: 0.8392157, a: 1}
  m_Intensity: 1
  m_Range: 10
  m_SpotAngle: 30
  m_CookieSize: 10
  m_Shadows:
    m_Type: 2
    m_Resolution: -1
    m_CustomResolution: -1
    m_Strength: 1
    m_Bias: 0.05
    m_NormalBias: 0.4
    m_NearPlane: 0.2
  m_Cookie: {fileID: 0}
  m_DrawHalo: 0
  m_Flare: {fileID: 0}
  m_RenderMode: 0
  m_CullingMask:
    serializedVersion: 2
    m_Bits: 4294967295
  m_Lightmapping: 4
  m_LightShadowCasterMode: 0
  m_AreaSize: {x: 1, y: 1}
  m_BounceIntensity: 1
  m_ColorTemperature: 6570
  m_UseColorTemperature: 0
  m_ShadowRadius: 0
  m_ShadowAngle: 0
--- !u!4 &481650247
Transform:
  m_ObjectHideFlags: 0
  m_CorrespondingSourceObject: {fileID: 0}
  m_PrefabInternal: {fileID: 0}
  m_GameObject: {fileID: 481650245}
  m_LocalRotation: {x: 0.40821788, y: -0.23456968, z: 0.10938163, w: 0.8754261}
  m_LocalPosition: {x: -3.06, y: 3, z: 0}
  m_LocalScale: {x: 1, y: 1, z: 1}
  m_Children: []
  m_Father: {fileID: 0}
  m_RootOrder: 1
  m_LocalEulerAnglesHint: {x: 50, y: -30, z: 0}
--- !u!1001 &736878170
Prefab:
  m_ObjectHideFlags: 0
  serializedVersion: 2
  m_Modification:
    m_TransformParent: {fileID: 0}
    m_Modifications:
    - target: {fileID: 4733163162245458, guid: fda949f3bb3a73e4cad491cc4386e0ab, type: 2}
      propertyPath: m_LocalPosition.x
      value: 0
      objectReference: {fileID: 0}
    - target: {fileID: 4733163162245458, guid: fda949f3bb3a73e4cad491cc4386e0ab, type: 2}
      propertyPath: m_LocalPosition.y
      value: 1
      objectReference: {fileID: 0}
    - target: {fileID: 4733163162245458, guid: fda949f3bb3a73e4cad491cc4386e0ab, type: 2}
      propertyPath: m_LocalPosition.z
      value: 0
      objectReference: {fileID: 0}
    - target: {fileID: 4733163162245458, guid: fda949f3bb3a73e4cad491cc4386e0ab, type: 2}
      propertyPath: m_LocalRotation.x
      value: 0
      objectReference: {fileID: 0}
    - target: {fileID: 4733163162245458, guid: fda949f3bb3a73e4cad491cc4386e0ab, type: 2}
      propertyPath: m_LocalRotation.y
      value: 0
      objectReference: {fileID: 0}
    - target: {fileID: 4733163162245458, guid: fda949f3bb3a73e4cad491cc4386e0ab, type: 2}
      propertyPath: m_LocalRotation.z
      value: 0
      objectReference: {fileID: 0}
    - target: {fileID: 4733163162245458, guid: fda949f3bb3a73e4cad491cc4386e0ab, type: 2}
      propertyPath: m_LocalRotation.w
      value: 1
      objectReference: {fileID: 0}
    - target: {fileID: 4733163162245458, guid: fda949f3bb3a73e4cad491cc4386e0ab, type: 2}
      propertyPath: m_RootOrder
      value: 3
      objectReference: {fileID: 0}
    - target: {fileID: 4851988575452912, guid: fda949f3bb3a73e4cad491cc4386e0ab, type: 2}
      propertyPath: m_LocalRotation.x
      value: -0
      objectReference: {fileID: 0}
    - target: {fileID: 4851988575452912, guid: fda949f3bb3a73e4cad491cc4386e0ab, type: 2}
      propertyPath: m_LocalRotation.y
      value: -0
      objectReference: {fileID: 0}
    - target: {fileID: 4851988575452912, guid: fda949f3bb3a73e4cad491cc4386e0ab, type: 2}
      propertyPath: m_LocalRotation.z
      value: -0
      objectReference: {fileID: 0}
    - target: {fileID: 4851988575452912, guid: fda949f3bb3a73e4cad491cc4386e0ab, type: 2}
      propertyPath: m_LocalPosition.x
      value: -0.048
      objectReference: {fileID: 0}
    - target: {fileID: 4851988575452912, guid: fda949f3bb3a73e4cad491cc4386e0ab, type: 2}
      propertyPath: m_LocalPosition.y
      value: -0.085
      objectReference: {fileID: 0}
    - target: {fileID: 4851988575452912, guid: fda949f3bb3a73e4cad491cc4386e0ab, type: 2}
      propertyPath: m_LocalScale.x
      value: 0.099999994
      objectReference: {fileID: 0}
    - target: {fileID: 4851988575452912, guid: fda949f3bb3a73e4cad491cc4386e0ab, type: 2}
      propertyPath: m_LocalScale.y
      value: 0.099999994
      objectReference: {fileID: 0}
    - target: {fileID: 4851988575452912, guid: fda949f3bb3a73e4cad491cc4386e0ab, type: 2}
      propertyPath: m_LocalScale.z
      value: 0.099999994
      objectReference: {fileID: 0}
    m_RemovedComponents: []
  m_SourcePrefab: {fileID: 100100000, guid: fda949f3bb3a73e4cad491cc4386e0ab, type: 2}
  m_IsPrefabAsset: 0
--- !u!1001 &890603390
Prefab:
  m_ObjectHideFlags: 0
  serializedVersion: 2
  m_Modification:
    m_TransformParent: {fileID: 0}
    m_Modifications:
    - target: {fileID: 4078917928834040, guid: 7475e8e9cb840e14b9f3effba31c660f, type: 2}
      propertyPath: m_LocalPosition.x
      value: 3
      objectReference: {fileID: 0}
    - target: {fileID: 4078917928834040, guid: 7475e8e9cb840e14b9f3effba31c660f, type: 2}
      propertyPath: m_LocalPosition.y
      value: 0
      objectReference: {fileID: 0}
    - target: {fileID: 4078917928834040, guid: 7475e8e9cb840e14b9f3effba31c660f, type: 2}
      propertyPath: m_LocalPosition.z
      value: 0
      objectReference: {fileID: 0}
    - target: {fileID: 4078917928834040, guid: 7475e8e9cb840e14b9f3effba31c660f, type: 2}
      propertyPath: m_LocalRotation.x
      value: 0
      objectReference: {fileID: 0}
    - target: {fileID: 4078917928834040, guid: 7475e8e9cb840e14b9f3effba31c660f, type: 2}
      propertyPath: m_LocalRotation.y
      value: 0
      objectReference: {fileID: 0}
    - target: {fileID: 4078917928834040, guid: 7475e8e9cb840e14b9f3effba31c660f, type: 2}
      propertyPath: m_LocalRotation.z
      value: 0
      objectReference: {fileID: 0}
    - target: {fileID: 4078917928834040, guid: 7475e8e9cb840e14b9f3effba31c660f, type: 2}
      propertyPath: m_LocalRotation.w
      value: 1
      objectReference: {fileID: 0}
    - target: {fileID: 4078917928834040, guid: 7475e8e9cb840e14b9f3effba31c660f, type: 2}
      propertyPath: m_RootOrder
      value: 17
      objectReference: {fileID: 0}
    m_RemovedComponents: []
  m_SourcePrefab: {fileID: 100100000, guid: 7475e8e9cb840e14b9f3effba31c660f, type: 2}
  m_IsPrefabAsset: 0
--- !u!1001 &1215104060
Prefab:
  m_ObjectHideFlags: 0
  serializedVersion: 2
  m_Modification:
    m_TransformParent: {fileID: 0}
    m_Modifications:
    - target: {fileID: 4138313629439326, guid: 0bac6cce2931ff240871385f719098d3, type: 2}
      propertyPath: m_LocalPosition.x
      value: 2
      objectReference: {fileID: 0}
    - target: {fileID: 4138313629439326, guid: 0bac6cce2931ff240871385f719098d3, type: 2}
      propertyPath: m_LocalPosition.y
      value: 1
      objectReference: {fileID: 0}
    - target: {fileID: 4138313629439326, guid: 0bac6cce2931ff240871385f719098d3, type: 2}
      propertyPath: m_LocalPosition.z
      value: 0
      objectReference: {fileID: 0}
    - target: {fileID: 4138313629439326, guid: 0bac6cce2931ff240871385f719098d3, type: 2}
      propertyPath: m_LocalRotation.x
      value: 0
      objectReference: {fileID: 0}
    - target: {fileID: 4138313629439326, guid: 0bac6cce2931ff240871385f719098d3, type: 2}
      propertyPath: m_LocalRotation.y
      value: 0
      objectReference: {fileID: 0}
    - target: {fileID: 4138313629439326, guid: 0bac6cce2931ff240871385f719098d3, type: 2}
      propertyPath: m_LocalRotation.z
      value: 0
      objectReference: {fileID: 0}
    - target: {fileID: 4138313629439326, guid: 0bac6cce2931ff240871385f719098d3, type: 2}
      propertyPath: m_LocalRotation.w
      value: 1
      objectReference: {fileID: 0}
    - target: {fileID: 4138313629439326, guid: 0bac6cce2931ff240871385f719098d3, type: 2}
      propertyPath: m_RootOrder
      value: 11
      objectReference: {fileID: 0}
    m_RemovedComponents: []
  m_SourcePrefab: {fileID: 100100000, guid: 0bac6cce2931ff240871385f719098d3, type: 2}
  m_IsPrefabAsset: 0
--- !u!1001 &1227716833
Prefab:
  m_ObjectHideFlags: 0
  serializedVersion: 2
  m_Modification:
    m_TransformParent: {fileID: 0}
    m_Modifications:
    - target: {fileID: 4138154113175448, guid: 3c159f3f50391d64cad7ac70043ba442, type: 2}
      propertyPath: m_LocalPosition.x
      value: -1
      objectReference: {fileID: 0}
    - target: {fileID: 4138154113175448, guid: 3c159f3f50391d64cad7ac70043ba442, type: 2}
      propertyPath: m_LocalPosition.y
      value: 1
      objectReference: {fileID: 0}
    - target: {fileID: 4138154113175448, guid: 3c159f3f50391d64cad7ac70043ba442, type: 2}
      propertyPath: m_LocalPosition.z
      value: 0
      objectReference: {fileID: 0}
    - target: {fileID: 4138154113175448, guid: 3c159f3f50391d64cad7ac70043ba442, type: 2}
      propertyPath: m_LocalRotation.x
      value: 0
      objectReference: {fileID: 0}
    - target: {fileID: 4138154113175448, guid: 3c159f3f50391d64cad7ac70043ba442, type: 2}
      propertyPath: m_LocalRotation.y
      value: 0
      objectReference: {fileID: 0}
    - target: {fileID: 4138154113175448, guid: 3c159f3f50391d64cad7ac70043ba442, type: 2}
      propertyPath: m_LocalRotation.z
      value: 0
      objectReference: {fileID: 0}
    - target: {fileID: 4138154113175448, guid: 3c159f3f50391d64cad7ac70043ba442, type: 2}
      propertyPath: m_LocalRotation.w
      value: 1
      objectReference: {fileID: 0}
    - target: {fileID: 4138154113175448, guid: 3c159f3f50391d64cad7ac70043ba442, type: 2}
      propertyPath: m_RootOrder
      value: 10
      objectReference: {fileID: 0}
    m_RemovedComponents: []
  m_SourcePrefab: {fileID: 100100000, guid: 3c159f3f50391d64cad7ac70043ba442, type: 2}
  m_IsPrefabAsset: 0
--- !u!1001 &1242442026
Prefab:
  m_ObjectHideFlags: 0
  serializedVersion: 2
  m_Modification:
    m_TransformParent: {fileID: 0}
    m_Modifications:
    - target: {fileID: 4191609441151394, guid: b43f8f8e3be4f4b4a99d2e2d1abf6a9b, type: 2}
      propertyPath: m_LocalPosition.x
      value: 2
      objectReference: {fileID: 0}
    - target: {fileID: 4191609441151394, guid: b43f8f8e3be4f4b4a99d2e2d1abf6a9b, type: 2}
      propertyPath: m_LocalPosition.y
      value: 2
      objectReference: {fileID: 0}
    - target: {fileID: 4191609441151394, guid: b43f8f8e3be4f4b4a99d2e2d1abf6a9b, type: 2}
      propertyPath: m_LocalPosition.z
      value: 0
      objectReference: {fileID: 0}
    - target: {fileID: 4191609441151394, guid: b43f8f8e3be4f4b4a99d2e2d1abf6a9b, type: 2}
      propertyPath: m_LocalRotation.x
      value: 0
      objectReference: {fileID: 0}
    - target: {fileID: 4191609441151394, guid: b43f8f8e3be4f4b4a99d2e2d1abf6a9b, type: 2}
      propertyPath: m_LocalRotation.y
      value: 0
      objectReference: {fileID: 0}
    - target: {fileID: 4191609441151394, guid: b43f8f8e3be4f4b4a99d2e2d1abf6a9b, type: 2}
      propertyPath: m_LocalRotation.z
      value: 0
      objectReference: {fileID: 0}
    - target: {fileID: 4191609441151394, guid: b43f8f8e3be4f4b4a99d2e2d1abf6a9b, type: 2}
      propertyPath: m_LocalRotation.w
      value: 1
      objectReference: {fileID: 0}
    - target: {fileID: 4191609441151394, guid: b43f8f8e3be4f4b4a99d2e2d1abf6a9b, type: 2}
      propertyPath: m_RootOrder
      value: 13
      objectReference: {fileID: 0}
    - target: {fileID: 1368196631233388, guid: b43f8f8e3be4f4b4a99d2e2d1abf6a9b, type: 2}
      propertyPath: m_Name
      value: bas11ORI
      objectReference: {fileID: 0}
    m_RemovedComponents: []
  m_SourcePrefab: {fileID: 100100000, guid: b43f8f8e3be4f4b4a99d2e2d1abf6a9b, type: 2}
  m_IsPrefabAsset: 0
--- !u!1001 &1340278110
Prefab:
  m_ObjectHideFlags: 0
  serializedVersion: 2
  m_Modification:
    m_TransformParent: {fileID: 0}
    m_Modifications:
    - target: {fileID: 4441175034267416, guid: f4d479256d739a740a41f071b0e7a92d, type: 2}
      propertyPath: m_LocalPosition.x
      value: 0
      objectReference: {fileID: 0}
    - target: {fileID: 4441175034267416, guid: f4d479256d739a740a41f071b0e7a92d, type: 2}
      propertyPath: m_LocalPosition.y
      value: 3
      objectReference: {fileID: 0}
    - target: {fileID: 4441175034267416, guid: f4d479256d739a740a41f071b0e7a92d, type: 2}
      propertyPath: m_LocalPosition.z
      value: 0
      objectReference: {fileID: 0}
    - target: {fileID: 4441175034267416, guid: f4d479256d739a740a41f071b0e7a92d, type: 2}
      propertyPath: m_LocalRotation.x
      value: 0
      objectReference: {fileID: 0}
    - target: {fileID: 4441175034267416, guid: f4d479256d739a740a41f071b0e7a92d, type: 2}
      propertyPath: m_LocalRotation.y
      value: 0
      objectReference: {fileID: 0}
    - target: {fileID: 4441175034267416, guid: f4d479256d739a740a41f071b0e7a92d, type: 2}
      propertyPath: m_LocalRotation.z
      value: 0
      objectReference: {fileID: 0}
    - target: {fileID: 4441175034267416, guid: f4d479256d739a740a41f071b0e7a92d, type: 2}
      propertyPath: m_LocalRotation.w
      value: 1
      objectReference: {fileID: 0}
    - target: {fileID: 4441175034267416, guid: f4d479256d739a740a41f071b0e7a92d, type: 2}
      propertyPath: m_RootOrder
      value: 5
      objectReference: {fileID: 0}
    - target: {fileID: 4797220521045752, guid: f4d479256d739a740a41f071b0e7a92d, type: 2}
      propertyPath: m_LocalPosition.x
      value: 0
      objectReference: {fileID: 0}
    - target: {fileID: 4797220521045752, guid: f4d479256d739a740a41f071b0e7a92d, type: 2}
      propertyPath: m_LocalPosition.y
      value: 0
      objectReference: {fileID: 0}
    m_RemovedComponents: []
  m_SourcePrefab: {fileID: 100100000, guid: f4d479256d739a740a41f071b0e7a92d, type: 2}
  m_IsPrefabAsset: 0
--- !u!1001 &1347888771
Prefab:
  m_ObjectHideFlags: 0
  serializedVersion: 2
  m_Modification:
    m_TransformParent: {fileID: 0}
    m_Modifications:
    - target: {fileID: 4075182137322454, guid: b9e309cdb18ca5f4e8ef1dde6af1a0a7, type: 2}
      propertyPath: m_LocalPosition.x
      value: 0
      objectReference: {fileID: 0}
    - target: {fileID: 4075182137322454, guid: b9e309cdb18ca5f4e8ef1dde6af1a0a7, type: 2}
      propertyPath: m_LocalPosition.y
      value: 0
      objectReference: {fileID: 0}
    - target: {fileID: 4075182137322454, guid: b9e309cdb18ca5f4e8ef1dde6af1a0a7, type: 2}
      propertyPath: m_LocalPosition.z
      value: 0
      objectReference: {fileID: 0}
    - target: {fileID: 4075182137322454, guid: b9e309cdb18ca5f4e8ef1dde6af1a0a7, type: 2}
      propertyPath: m_LocalRotation.x
      value: 0
      objectReference: {fileID: 0}
    - target: {fileID: 4075182137322454, guid: b9e309cdb18ca5f4e8ef1dde6af1a0a7, type: 2}
      propertyPath: m_LocalRotation.y
      value: 0
      objectReference: {fileID: 0}
    - target: {fileID: 4075182137322454, guid: b9e309cdb18ca5f4e8ef1dde6af1a0a7, type: 2}
      propertyPath: m_LocalRotation.z
      value: 0
      objectReference: {fileID: 0}
    - target: {fileID: 4075182137322454, guid: b9e309cdb18ca5f4e8ef1dde6af1a0a7, type: 2}
      propertyPath: m_LocalRotation.w
      value: 1
      objectReference: {fileID: 0}
    - target: {fileID: 4075182137322454, guid: b9e309cdb18ca5f4e8ef1dde6af1a0a7, type: 2}
      propertyPath: m_RootOrder
      value: 2
      objectReference: {fileID: 0}
    m_RemovedComponents: []
  m_SourcePrefab: {fileID: 100100000, guid: b9e309cdb18ca5f4e8ef1dde6af1a0a7, type: 2}
  m_IsPrefabAsset: 0
--- !u!1001 &1358115484
Prefab:
  m_ObjectHideFlags: 0
  serializedVersion: 2
  m_Modification:
    m_TransformParent: {fileID: 0}
    m_Modifications:
    - target: {fileID: 4861446054057922, guid: 3b7d4fe6bb4522b43a0727179fa78fa7, type: 2}
      propertyPath: m_LocalPosition.x
      value: -1
      objectReference: {fileID: 0}
    - target: {fileID: 4861446054057922, guid: 3b7d4fe6bb4522b43a0727179fa78fa7, type: 2}
      propertyPath: m_LocalPosition.y
      value: 0
      objectReference: {fileID: 0}
    - target: {fileID: 4861446054057922, guid: 3b7d4fe6bb4522b43a0727179fa78fa7, type: 2}
      propertyPath: m_LocalPosition.z
      value: 0
      objectReference: {fileID: 0}
    - target: {fileID: 4861446054057922, guid: 3b7d4fe6bb4522b43a0727179fa78fa7, type: 2}
      propertyPath: m_LocalRotation.x
      value: 0
      objectReference: {fileID: 0}
    - target: {fileID: 4861446054057922, guid: 3b7d4fe6bb4522b43a0727179fa78fa7, type: 2}
      propertyPath: m_LocalRotation.y
      value: 0
      objectReference: {fileID: 0}
    - target: {fileID: 4861446054057922, guid: 3b7d4fe6bb4522b43a0727179fa78fa7, type: 2}
      propertyPath: m_LocalRotation.z
      value: 0
      objectReference: {fileID: 0}
    - target: {fileID: 4861446054057922, guid: 3b7d4fe6bb4522b43a0727179fa78fa7, type: 2}
      propertyPath: m_LocalRotation.w
      value: 1
      objectReference: {fileID: 0}
    - target: {fileID: 4861446054057922, guid: 3b7d4fe6bb4522b43a0727179fa78fa7, type: 2}
      propertyPath: m_RootOrder
      value: 14
      objectReference: {fileID: 0}
    - target: {fileID: 4282901332975614, guid: 3b7d4fe6bb4522b43a0727179fa78fa7, type: 2}
      propertyPath: m_RootOrder
      value: 0
      objectReference: {fileID: 0}
    - target: {fileID: 4817165871975330, guid: 3b7d4fe6bb4522b43a0727179fa78fa7, type: 2}
      propertyPath: m_RootOrder
      value: 1
      objectReference: {fileID: 0}
    - target: {fileID: 4817165871975330, guid: 3b7d4fe6bb4522b43a0727179fa78fa7, type: 2}
      propertyPath: m_LocalPosition.z
      value: -0.05
      objectReference: {fileID: 0}
    m_RemovedComponents: []
  m_SourcePrefab: {fileID: 100100000, guid: 3b7d4fe6bb4522b43a0727179fa78fa7, type: 2}
  m_IsPrefabAsset: 0
--- !u!1001 &1373258808
Prefab:
  m_ObjectHideFlags: 0
  serializedVersion: 2
  m_Modification:
    m_TransformParent: {fileID: 0}
    m_Modifications:
    - target: {fileID: 4792647996467742, guid: 7794ba4820ecbc94cb5d320febc38e6e, type: 2}
      propertyPath: m_LocalPosition.x
      value: 1
      objectReference: {fileID: 0}
    - target: {fileID: 4792647996467742, guid: 7794ba4820ecbc94cb5d320febc38e6e, type: 2}
      propertyPath: m_LocalPosition.y
      value: 2
      objectReference: {fileID: 0}
    - target: {fileID: 4792647996467742, guid: 7794ba4820ecbc94cb5d320febc38e6e, type: 2}
      propertyPath: m_LocalPosition.z
      value: 0
      objectReference: {fileID: 0}
    - target: {fileID: 4792647996467742, guid: 7794ba4820ecbc94cb5d320febc38e6e, type: 2}
      propertyPath: m_LocalRotation.x
      value: 0
      objectReference: {fileID: 0}
    - target: {fileID: 4792647996467742, guid: 7794ba4820ecbc94cb5d320febc38e6e, type: 2}
      propertyPath: m_LocalRotation.y
      value: 0
      objectReference: {fileID: 0}
    - target: {fileID: 4792647996467742, guid: 7794ba4820ecbc94cb5d320febc38e6e, type: 2}
      propertyPath: m_LocalRotation.z
      value: 0
      objectReference: {fileID: 0}
    - target: {fileID: 4792647996467742, guid: 7794ba4820ecbc94cb5d320febc38e6e, type: 2}
      propertyPath: m_LocalRotation.w
      value: 1
      objectReference: {fileID: 0}
    - target: {fileID: 4792647996467742, guid: 7794ba4820ecbc94cb5d320febc38e6e, type: 2}
      propertyPath: m_RootOrder
      value: 8
      objectReference: {fileID: 0}
    m_RemovedComponents: []
  m_SourcePrefab: {fileID: 100100000, guid: 7794ba4820ecbc94cb5d320febc38e6e, type: 2}
  m_IsPrefabAsset: 0
--- !u!1001 &1663887431
Prefab:
  m_ObjectHideFlags: 0
  serializedVersion: 2
  m_Modification:
    m_TransformParent: {fileID: 0}
    m_Modifications:
    - target: {fileID: 4569508091914418, guid: 1866eefa6ff93d24987fcc6ad77bfd39, type: 2}
      propertyPath: m_LocalPosition.x
      value: -3.3
      objectReference: {fileID: 0}
    - target: {fileID: 4569508091914418, guid: 1866eefa6ff93d24987fcc6ad77bfd39, type: 2}
      propertyPath: m_LocalPosition.y
      value: 0
      objectReference: {fileID: 0}
    - target: {fileID: 4569508091914418, guid: 1866eefa6ff93d24987fcc6ad77bfd39, type: 2}
      propertyPath: m_LocalPosition.z
      value: 0
      objectReference: {fileID: 0}
    - target: {fileID: 4569508091914418, guid: 1866eefa6ff93d24987fcc6ad77bfd39, type: 2}
      propertyPath: m_LocalRotation.x
      value: 0
      objectReference: {fileID: 0}
    - target: {fileID: 4569508091914418, guid: 1866eefa6ff93d24987fcc6ad77bfd39, type: 2}
      propertyPath: m_LocalRotation.y
      value: 0
      objectReference: {fileID: 0}
    - target: {fileID: 4569508091914418, guid: 1866eefa6ff93d24987fcc6ad77bfd39, type: 2}
      propertyPath: m_LocalRotation.z
      value: 0
      objectReference: {fileID: 0}
    - target: {fileID: 4569508091914418, guid: 1866eefa6ff93d24987fcc6ad77bfd39, type: 2}
      propertyPath: m_LocalRotation.w
      value: 1
      objectReference: {fileID: 0}
    - target: {fileID: 4569508091914418, guid: 1866eefa6ff93d24987fcc6ad77bfd39, type: 2}
      propertyPath: m_RootOrder
      value: 20
      objectReference: {fileID: 0}
    - target: {fileID: 33009641035907854, guid: 1866eefa6ff93d24987fcc6ad77bfd39,
        type: 2}
      propertyPath: m_Mesh
      value: 
      objectReference: {fileID: 0}
    - target: {fileID: 114226063311299068, guid: 1866eefa6ff93d24987fcc6ad77bfd39,
        type: 2}
      propertyPath: m_havePropertiesChanged
      value: 1
      objectReference: {fileID: 0}
    - target: {fileID: 114226063311299068, guid: 1866eefa6ff93d24987fcc6ad77bfd39,
        type: 2}
      propertyPath: m_isInputParsingRequired
      value: 1
      objectReference: {fileID: 0}
    m_RemovedComponents: []
  m_SourcePrefab: {fileID: 100100000, guid: 1866eefa6ff93d24987fcc6ad77bfd39, type: 2}
  m_IsPrefabAsset: 0
--- !u!1001 &1681406742
Prefab:
  m_ObjectHideFlags: 0
  serializedVersion: 2
  m_Modification:
    m_TransformParent: {fileID: 0}
    m_Modifications:
    - target: {fileID: 4758934257285034, guid: 307be4aa086ecc64998a38fe302c093d, type: 2}
      propertyPath: m_LocalPosition.x
      value: 2
      objectReference: {fileID: 0}
    - target: {fileID: 4758934257285034, guid: 307be4aa086ecc64998a38fe302c093d, type: 2}
      propertyPath: m_LocalPosition.y
      value: 3
      objectReference: {fileID: 0}
    - target: {fileID: 4758934257285034, guid: 307be4aa086ecc64998a38fe302c093d, type: 2}
      propertyPath: m_LocalPosition.z
      value: 0
      objectReference: {fileID: 0}
    - target: {fileID: 4758934257285034, guid: 307be4aa086ecc64998a38fe302c093d, type: 2}
      propertyPath: m_LocalRotation.x
      value: 0
      objectReference: {fileID: 0}
    - target: {fileID: 4758934257285034, guid: 307be4aa086ecc64998a38fe302c093d, type: 2}
      propertyPath: m_LocalRotation.y
      value: 0
      objectReference: {fileID: 0}
    - target: {fileID: 4758934257285034, guid: 307be4aa086ecc64998a38fe302c093d, type: 2}
      propertyPath: m_LocalRotation.z
      value: 0
      objectReference: {fileID: 0}
    - target: {fileID: 4758934257285034, guid: 307be4aa086ecc64998a38fe302c093d, type: 2}
      propertyPath: m_LocalRotation.w
      value: 1
      objectReference: {fileID: 0}
    - target: {fileID: 4758934257285034, guid: 307be4aa086ecc64998a38fe302c093d, type: 2}
      propertyPath: m_RootOrder
      value: 15
      objectReference: {fileID: 0}
    m_RemovedComponents: []
  m_SourcePrefab: {fileID: 100100000, guid: 307be4aa086ecc64998a38fe302c093d, type: 2}
  m_IsPrefabAsset: 0
--- !u!1001 &1718262307
Prefab:
  m_ObjectHideFlags: 0
  serializedVersion: 2
  m_Modification:
    m_TransformParent: {fileID: 0}
    m_Modifications:
    - target: {fileID: 4861446054057922, guid: 3b7d4fe6bb4522b43a0727179fa78fa7, type: 2}
      propertyPath: m_LocalPosition.x
      value: -2
      objectReference: {fileID: 0}
    - target: {fileID: 4861446054057922, guid: 3b7d4fe6bb4522b43a0727179fa78fa7, type: 2}
      propertyPath: m_LocalPosition.y
      value: 0
      objectReference: {fileID: 0}
    - target: {fileID: 4861446054057922, guid: 3b7d4fe6bb4522b43a0727179fa78fa7, type: 2}
      propertyPath: m_LocalPosition.z
      value: 0
      objectReference: {fileID: 0}
    - target: {fileID: 4861446054057922, guid: 3b7d4fe6bb4522b43a0727179fa78fa7, type: 2}
      propertyPath: m_LocalRotation.x
      value: 0
      objectReference: {fileID: 0}
    - target: {fileID: 4861446054057922, guid: 3b7d4fe6bb4522b43a0727179fa78fa7, type: 2}
      propertyPath: m_LocalRotation.y
      value: 0
      objectReference: {fileID: 0}
    - target: {fileID: 4861446054057922, guid: 3b7d4fe6bb4522b43a0727179fa78fa7, type: 2}
      propertyPath: m_LocalRotation.z
      value: 0
      objectReference: {fileID: 0}
    - target: {fileID: 4861446054057922, guid: 3b7d4fe6bb4522b43a0727179fa78fa7, type: 2}
      propertyPath: m_LocalRotation.w
      value: 1
      objectReference: {fileID: 0}
    - target: {fileID: 4861446054057922, guid: 3b7d4fe6bb4522b43a0727179fa78fa7, type: 2}
      propertyPath: m_RootOrder
      value: 16
      objectReference: {fileID: 0}
    - target: {fileID: 4282901332975614, guid: 3b7d4fe6bb4522b43a0727179fa78fa7, type: 2}
      propertyPath: m_RootOrder
      value: 0
      objectReference: {fileID: 0}
    - target: {fileID: 4817165871975330, guid: 3b7d4fe6bb4522b43a0727179fa78fa7, type: 2}
      propertyPath: m_RootOrder
      value: 1
      objectReference: {fileID: 0}
    - target: {fileID: 4817165871975330, guid: 3b7d4fe6bb4522b43a0727179fa78fa7, type: 2}
      propertyPath: m_LocalPosition.z
      value: -0.05
      objectReference: {fileID: 0}
    - target: {fileID: 1891546754057080, guid: 3b7d4fe6bb4522b43a0727179fa78fa7, type: 2}
      propertyPath: m_Name
      value: bas13
      objectReference: {fileID: 0}
    - target: {fileID: 4282901332975614, guid: 3b7d4fe6bb4522b43a0727179fa78fa7, type: 2}
      propertyPath: m_LocalScale.x
      value: 0.175
      objectReference: {fileID: 0}
    - target: {fileID: 4282901332975614, guid: 3b7d4fe6bb4522b43a0727179fa78fa7, type: 2}
      propertyPath: m_LocalScale.y
      value: 0.175
      objectReference: {fileID: 0}
    m_RemovedComponents: []
  m_SourcePrefab: {fileID: 100100000, guid: 3b7d4fe6bb4522b43a0727179fa78fa7, type: 2}
  m_IsPrefabAsset: 0
--- !u!1001 &1797383736
Prefab:
  m_ObjectHideFlags: 0
  serializedVersion: 2
  m_Modification:
    m_TransformParent: {fileID: 0}
    m_Modifications:
    - target: {fileID: 4736928464644044, guid: e8e87406ecd244444887731e15beeb2a, type: 2}
      propertyPath: m_LocalPosition.x
      value: -2
      objectReference: {fileID: 0}
    - target: {fileID: 4736928464644044, guid: e8e87406ecd244444887731e15beeb2a, type: 2}
      propertyPath: m_LocalPosition.y
      value: 1
      objectReference: {fileID: 0}
    - target: {fileID: 4736928464644044, guid: e8e87406ecd244444887731e15beeb2a, type: 2}
      propertyPath: m_LocalPosition.z
      value: 0
      objectReference: {fileID: 0}
    - target: {fileID: 4736928464644044, guid: e8e87406ecd244444887731e15beeb2a, type: 2}
      propertyPath: m_LocalRotation.x
      value: 0
      objectReference: {fileID: 0}
    - target: {fileID: 4736928464644044, guid: e8e87406ecd244444887731e15beeb2a, type: 2}
      propertyPath: m_LocalRotation.y
      value: 0
      objectReference: {fileID: 0}
    - target: {fileID: 4736928464644044, guid: e8e87406ecd244444887731e15beeb2a, type: 2}
      propertyPath: m_LocalRotation.z
      value: 0
      objectReference: {fileID: 0}
    - target: {fileID: 4736928464644044, guid: e8e87406ecd244444887731e15beeb2a, type: 2}
      propertyPath: m_LocalRotation.w
      value: 1
      objectReference: {fileID: 0}
    - target: {fileID: 4736928464644044, guid: e8e87406ecd244444887731e15beeb2a, type: 2}
      propertyPath: m_RootOrder
      value: 19
      objectReference: {fileID: 0}
    m_RemovedComponents: []
  m_SourcePrefab: {fileID: 100100000, guid: e8e87406ecd244444887731e15beeb2a, type: 2}
  m_IsPrefabAsset: 0
--- !u!1001 &1838077453
Prefab:
  m_ObjectHideFlags: 0
  serializedVersion: 2
  m_Modification:
    m_TransformParent: {fileID: 0}
    m_Modifications:
    - target: {fileID: 4264961157533270, guid: 3fa43da5811b7e6448de3c2763062fd0, type: 2}
      propertyPath: m_LocalPosition.x
      value: -1
      objectReference: {fileID: 0}
    - target: {fileID: 4264961157533270, guid: 3fa43da5811b7e6448de3c2763062fd0, type: 2}
      propertyPath: m_LocalPosition.y
      value: 2
      objectReference: {fileID: 0}
    - target: {fileID: 4264961157533270, guid: 3fa43da5811b7e6448de3c2763062fd0, type: 2}
      propertyPath: m_LocalPosition.z
      value: 0
      objectReference: {fileID: 0}
    - target: {fileID: 4264961157533270, guid: 3fa43da5811b7e6448de3c2763062fd0, type: 2}
      propertyPath: m_LocalRotation.x
      value: 0
      objectReference: {fileID: 0}
    - target: {fileID: 4264961157533270, guid: 3fa43da5811b7e6448de3c2763062fd0, type: 2}
      propertyPath: m_LocalRotation.y
      value: 0
      objectReference: {fileID: 0}
    - target: {fileID: 4264961157533270, guid: 3fa43da5811b7e6448de3c2763062fd0, type: 2}
      propertyPath: m_LocalRotation.z
      value: 0
      objectReference: {fileID: 0}
    - target: {fileID: 4264961157533270, guid: 3fa43da5811b7e6448de3c2763062fd0, type: 2}
      propertyPath: m_LocalRotation.w
      value: 1
      objectReference: {fileID: 0}
    - target: {fileID: 4264961157533270, guid: 3fa43da5811b7e6448de3c2763062fd0, type: 2}
      propertyPath: m_RootOrder
      value: 12
      objectReference: {fileID: 0}
    m_RemovedComponents: []
  m_SourcePrefab: {fileID: 100100000, guid: 3fa43da5811b7e6448de3c2763062fd0, type: 2}
  m_IsPrefabAsset: 0
--- !u!1001 &1899480367
Prefab:
  m_ObjectHideFlags: 0
  serializedVersion: 2
  m_Modification:
    m_TransformParent: {fileID: 0}
    m_Modifications:
    - target: {fileID: 4618355663722634, guid: 3abf1dbd6d67e89458535f9c6b0c3e9d, type: 2}
      propertyPath: m_LocalPosition.x
      value: 0
      objectReference: {fileID: 0}
    - target: {fileID: 4618355663722634, guid: 3abf1dbd6d67e89458535f9c6b0c3e9d, type: 2}
      propertyPath: m_LocalPosition.y
      value: 2
      objectReference: {fileID: 0}
    - target: {fileID: 4618355663722634, guid: 3abf1dbd6d67e89458535f9c6b0c3e9d, type: 2}
      propertyPath: m_LocalPosition.z
      value: 0
      objectReference: {fileID: 0}
    - target: {fileID: 4618355663722634, guid: 3abf1dbd6d67e89458535f9c6b0c3e9d, type: 2}
      propertyPath: m_LocalRotation.x
      value: 0
      objectReference: {fileID: 0}
    - target: {fileID: 4618355663722634, guid: 3abf1dbd6d67e89458535f9c6b0c3e9d, type: 2}
      propertyPath: m_LocalRotation.y
      value: 0
      objectReference: {fileID: 0}
    - target: {fileID: 4618355663722634, guid: 3abf1dbd6d67e89458535f9c6b0c3e9d, type: 2}
      propertyPath: m_LocalRotation.z
      value: 0
      objectReference: {fileID: 0}
    - target: {fileID: 4618355663722634, guid: 3abf1dbd6d67e89458535f9c6b0c3e9d, type: 2}
      propertyPath: m_LocalRotation.w
      value: 1
      objectReference: {fileID: 0}
    - target: {fileID: 4618355663722634, guid: 3abf1dbd6d67e89458535f9c6b0c3e9d, type: 2}
      propertyPath: m_RootOrder
      value: 4
      objectReference: {fileID: 0}
    m_RemovedComponents: []
  m_SourcePrefab: {fileID: 100100000, guid: 3abf1dbd6d67e89458535f9c6b0c3e9d, type: 2}
  m_IsPrefabAsset: 0
--- !u!1001 &1956586910
Prefab:
  m_ObjectHideFlags: 0
  serializedVersion: 2
  m_Modification:
    m_TransformParent: {fileID: 0}
    m_Modifications:
    - target: {fileID: 4702317358633378, guid: 16a5fa877375109499782851ed377857, type: 2}
      propertyPath: m_LocalPosition.x
      value: 1
      objectReference: {fileID: 0}
    - target: {fileID: 4702317358633378, guid: 16a5fa877375109499782851ed377857, type: 2}
      propertyPath: m_LocalPosition.y
      value: 0
      objectReference: {fileID: 0}
    - target: {fileID: 4702317358633378, guid: 16a5fa877375109499782851ed377857, type: 2}
      propertyPath: m_LocalPosition.z
      value: 0
      objectReference: {fileID: 0}
    - target: {fileID: 4702317358633378, guid: 16a5fa877375109499782851ed377857, type: 2}
      propertyPath: m_LocalRotation.x
      value: 0
      objectReference: {fileID: 0}
    - target: {fileID: 4702317358633378, guid: 16a5fa877375109499782851ed377857, type: 2}
      propertyPath: m_LocalRotation.y
      value: 0
      objectReference: {fileID: 0}
    - target: {fileID: 4702317358633378, guid: 16a5fa877375109499782851ed377857, type: 2}
      propertyPath: m_LocalRotation.z
      value: 0
      objectReference: {fileID: 0}
    - target: {fileID: 4702317358633378, guid: 16a5fa877375109499782851ed377857, type: 2}
      propertyPath: m_LocalRotation.w
      value: 1
      objectReference: {fileID: 0}
    - target: {fileID: 4702317358633378, guid: 16a5fa877375109499782851ed377857, type: 2}
      propertyPath: m_RootOrder
      value: 6
      objectReference: {fileID: 0}
    m_RemovedComponents: []
  m_SourcePrefab: {fileID: 100100000, guid: 16a5fa877375109499782851ed377857, type: 2}
  m_IsPrefabAsset: 0
--- !u!1001 &2008706826
Prefab:
  m_ObjectHideFlags: 0
  serializedVersion: 2
  m_Modification:
    m_TransformParent: {fileID: 0}
    m_Modifications:
    - target: {fileID: 4646271627594280, guid: 12d40d045455caa47adb43661be6c137, type: 2}
      propertyPath: m_LocalPosition.x
      value: 1
      objectReference: {fileID: 0}
    - target: {fileID: 4646271627594280, guid: 12d40d045455caa47adb43661be6c137, type: 2}
      propertyPath: m_LocalPosition.y
      value: 1
      objectReference: {fileID: 0}
    - target: {fileID: 4646271627594280, guid: 12d40d045455caa47adb43661be6c137, type: 2}
      propertyPath: m_LocalPosition.z
      value: 0
      objectReference: {fileID: 0}
    - target: {fileID: 4646271627594280, guid: 12d40d045455caa47adb43661be6c137, type: 2}
      propertyPath: m_LocalRotation.x
      value: 0
      objectReference: {fileID: 0}
    - target: {fileID: 4646271627594280, guid: 12d40d045455caa47adb43661be6c137, type: 2}
      propertyPath: m_LocalRotation.y
      value: 0
      objectReference: {fileID: 0}
    - target: {fileID: 4646271627594280, guid: 12d40d045455caa47adb43661be6c137, type: 2}
      propertyPath: m_LocalRotation.z
      value: 0
      objectReference: {fileID: 0}
    - target: {fileID: 4646271627594280, guid: 12d40d045455caa47adb43661be6c137, type: 2}
      propertyPath: m_LocalRotation.w
      value: 1
      objectReference: {fileID: 0}
    - target: {fileID: 4646271627594280, guid: 12d40d045455caa47adb43661be6c137, type: 2}
      propertyPath: m_RootOrder
      value: 7
      objectReference: {fileID: 0}
    m_RemovedComponents: []
  m_SourcePrefab: {fileID: 100100000, guid: 12d40d045455caa47adb43661be6c137, type: 2}
  m_IsPrefabAsset: 0
--- !u!1 &2117245987
GameObject:
  m_ObjectHideFlags: 0
  m_CorrespondingSourceObject: {fileID: 0}
  m_PrefabInternal: {fileID: 0}
  serializedVersion: 6
  m_Component:
  - component: {fileID: 2117245990}
  - component: {fileID: 2117245989}
  - component: {fileID: 2117245988}
  m_Layer: 0
  m_Name: EventSystem
  m_TagString: Untagged
  m_Icon: {fileID: 0}
  m_NavMeshLayer: 0
  m_StaticEditorFlags: 0
  m_IsActive: 1
--- !u!114 &2117245988
MonoBehaviour:
  m_ObjectHideFlags: 0
  m_CorrespondingSourceObject: {fileID: 0}
  m_PrefabInternal: {fileID: 0}
  m_GameObject: {fileID: 2117245987}
  m_Enabled: 1
  m_EditorHideFlags: 0
  m_Script: {fileID: 1077351063, guid: f70555f144d8491a825f0804e09c671c, type: 3}
  m_Name: 
  m_EditorClassIdentifier: 
  m_HorizontalAxis: Horizontal
  m_VerticalAxis: Vertical
  m_SubmitButton: Submit
  m_CancelButton: Cancel
  m_InputActionsPerSecond: 10
  m_RepeatDelay: 0.5
  m_ForceModuleActive: 0
--- !u!114 &2117245989
MonoBehaviour:
  m_ObjectHideFlags: 0
  m_CorrespondingSourceObject: {fileID: 0}
  m_PrefabInternal: {fileID: 0}
  m_GameObject: {fileID: 2117245987}
  m_Enabled: 1
  m_EditorHideFlags: 0
  m_Script: {fileID: -619905303, guid: f70555f144d8491a825f0804e09c671c, type: 3}
  m_Name: 
  m_EditorClassIdentifier: 
  m_FirstSelected: {fileID: 0}
  m_sendNavigationEvents: 1
  m_DragThreshold: 10
--- !u!4 &2117245990
Transform:
  m_ObjectHideFlags: 0
  m_CorrespondingSourceObject: {fileID: 0}
  m_PrefabInternal: {fileID: 0}
  m_GameObject: {fileID: 2117245987}
  m_LocalRotation: {x: 0, y: 0, z: 0, w: 1}
  m_LocalPosition: {x: 0, y: 0, z: 0}
  m_LocalScale: {x: 1, y: 1, z: 1}
  m_Children: []
  m_Father: {fileID: 0}
  m_RootOrder: 21
  m_LocalEulerAnglesHint: {x: 0, y: 0, z: 0}
